@book{miano_jpeg,
    title     = { Форматы и алгоритмы сжатия изображений в действии },
    author    = { Миано, Дж. },
    publisher = { Триумф },
    address   = { Москва },
    year      = { 2003 },
    numpages  = { 336 },
    language  = { russian }
}

@article{ccitt_jpeg,
    title     = { Information Technology~--- Digital compression and coding of continuous-tone still images~--- Requirements and Guidelines },
    author    = { ITU },
    publisher = { ITU },
    year      = { 1992 },
    numpages  = { 182 },
    language  = { english },
    url       = { https://www.w3.org/Graphics/JPEG/itu-t81.pdf }
}

@book{mitchell_jpeg,
    title     = { JPEG: Still Image Data Compression Standard (Digital Multimedia Standards S) },
    author    = { Mitchell, Joan L. },
    publisher = { Springer },
    address   = { Berlin },
    edition   = { 1993 },
    year      = { 1992 },
    numpages  = { 336 },
    language  = { english }
}
